@Electronic{Shack2017,
  author = {{Hacker Shack}},
  note   = {Online; Abgerufen 09.01.2023},
  title  = {Make an Autonomous "Follow Me" Cooler},
  url    = {https://www.hackster.io/hackershack/make-an-autonomous-follow-me-cooler-7ca8bc},
  year   = {2017},
}

@Misc{Distrelec2023,
  author = {Distrelec},
  note   = {Online; Abgerufen 09.01.2023},
  title  = {Bild Arduino UNO},
  year   = {2023},
  url    = {https://www.distrelec.ch/de/mikrocontroller-board-uno-arduino-a000066/p/11038919},
}

@Misc{Kaufland2023,
  author = {Kaufland},
  note   = {Online; Abgerufen 09.01.2023},
  title  = {Bild KÃ¼hlbox},
  year   = {2023},
  url    = {https://www.kaufland.de/product/438115140/?id_unit=385239511000},
}

@Misc{Amazon2023Up,
  author = {Amazon},
  note   = {Online; Abgerufen 09.01.2023},
  title  = {Bild Step-Up},
  year   = {2023},
  url    = {https://m.media-amazon.com/images/I/519GtclDOUL._AC_SL1000_.jpg},
}

@Misc{Amazon2023Down,
  author = {Amazon},
  note   = {Online; Abgerufen 09.01.2023},
  title  = {Bild Step-Down},
  year   = {2023},
  url    = {https://m.media-amazon.com/images/I/71F4Yi0PFCL._AC_SL1500_.jpg},
}

@Misc{Amazon2023BT,
  author = {Amazon},
  note   = {Online; Abgerufen 09.01.2023},
  title  = {Bild BT-Modul},
  year   = {2023},
  url    = {https://m.media-amazon.com/images/I/71QXqTfBE5L._SL1500_.jpg},
}

@Misc{Amazon2023Kompass,
  author = {Amazon},
  note   = {Online; Abgerufen 09.01.2023},
  title  = {Bild Kompass-Modul},
  year   = {2023},
  url    = {https://m.media-amazon.com/images/I/51SzxbmwiLL._SL1010_.jpg},
}

@Misc{Amazon2023GPS,
  author = {Amazon},
  note   = {Online; Abgerufen 09.01.2023},
  title  = {Bild GPS-Modul},
  year   = {2023},
  url    = {https://m.media-amazon.com/images/I/41GUl9XQ3dL._AC_.jpg},
}

@Electronic{Peterkn20012022,
  author = {{Peterkn2001}},
  note   = {Online; Abgerufen 09.01.2023},
  title  = {blynk-server},
  url    = {https://github.com/Peterkn2001/blynk-server},
  year   = {2022},
}

@Electronic{BlynkMobilde2022,
  author = {{BlynkMobilde}},
  note   = {Online; Abgerufen 09.01.2023},
  title  = {Blynk-Android-App},
  url    = {https://github.com/BlynkMobile/Blynk-Android-App},
  year   = {2022},
}

@Misc{Amazon2023Driver,
  author = {Amazon},
  note   = {Online; Abgerufen 09.01.2023},
  title  = {Bild Motor-Driver},
  year   = {2023},
  url    = {https://m.media-amazon.com/images/I/71LH36g3MnL._SL1500_.jpg},
}

@Misc{Thingi2023,
  author = {{ddf3d.com}},
  note   = {Online; Abgerufen 10.01.2023},
  title  = {Karabiner STL-Teile},
  year   = {2023},
  url    = {https://www.thingiverse.com/thing:1819242},
}

@Misc{GrabCAD2023,
  author = {Kevin Tisserand},
  note   = {Online; Abgerufen 10.01.2023},
  title  = {CAD-Modell von Bollerwagenrad},
  year   = {2023},
  url    = {https://grabcad.com/library/roue-gonflable-260-x-85-1},
}

@Misc{Trace2023,
  author = {{item Industrietechnik GmbH}},
  note   = {Online; Abgerufen 10.01.2023},
  title  = {Lenkrolle D125 140x110 ESD CAD-Datei},
  year   = {2023},
  url    = {https://www.traceparts.com/de/product/item-industrietechnik-gmbh-lenkrolle-d125-140x110-esd?CatalogPath=TRACEPARTS%3ATP05010003&Product=30-07072021-084271&PartNumber=0.0.667.23},
}

@Misc{Print2023,
  author = {Kai},
  note   = {Online; Abgerufen 10.01.2023},
  title  = {LM2596HV Buck Converter Housing STL-Modell},
  year   = {2023},
  url    = {https://www.printables.com/de/model/219074-lm2596hv-buck-converter-housing},
}

@Misc{Thingiverse2023,
  author = {Martinfun1987},
  note   = {Online; Abgerufen 10.01.2023},
  title  = {Arduino Uno R3 Clip Base Holder Stand STL-Modell},
  year   = {2023},
  url    = {https://www.thingiverse.com/thing:222680},
}